@misc{papi,
	author={ICL group},
	title={Performance API},
	month=jun,
	year={2012},
	url={http://icl.cs.utk.edu/papi/}
}

